@misc{recordAbout,
  title        = {Java 14 Record Keyword},
  note         = {letzter Zugriff am 25.11.2023},
  author       = {Justin Albano},
  howpublished = {WebPage},
  url          = {https://www.baeldung.com/java-record-keyword},
  year         = {2023}
}
@misc{jwtAboutQuarkus,
  title        = {Using JWT RBAC},
  note         = {letzter Zugriff am 25.11.2023},
  author       = {Quarkus},
  howpublished = {WebPage},
  url          = {https://quarkus.io/guides/security-jwt},
  year         = {2023}
}
@misc{SchichtenmusterAbout,
  title        = {Patterns in der Softwarearchitektur: Das Schichtenmuster},
  note         = {letzter Zugriff am 25.11.2023},
  author       = {Rainer Grimm},
  howpublished = {WebPage},
  url          = {https://www.heise.de/blog/Patterns-in-der-Softwarearchitektur-Das-Schichtenmuster-7941983.html},
  year         = {2023}
}
@misc{TransactionAbout,
  title        = {Using Transactions in Quarkus},
  note         = {letzter Zugriff am 25.11.2023},
  author       = {Quarkus},
  howpublished = {WebPage},
  url          = {https://quarkus.io/guides/transaction},
  year         = {2023}
}
@misc{beanAbout,
  title        = {INTRODUCTION TO CONTEXTS AND DEPENDENCY INJECTION (CDI)},
  note         = {letzter Zugriff am 25.11.2023},
  author       = {Quarkus},
  howpublished = {WebPage},
  url          = {https://quarkus.io/guides/cdi},
  year         = {2023}
}
@misc{brewAbout,
  title        = {Install Homebrew},
  note         = {letzter Zugriff am 25.11.2023},
  author       = {Max Howell},
  howpublished = {WebPage},
  url          = {https://brew.sh},
  year         = {2016}
}
@misc{githubAbout,
  title        = {What Is GitHub, and What Is It Used For?},
  note         = {letzter Zugriff am 24.11.2023},
  author       = {HTG Staff},
  howpublished = {WebPage},
  url          = {https://www.howtogeek.com/180167/htg-explains-what-is-github-and-what-do-geeks-use-it-for/},
  year         = {2016}
}
@misc{httpAbout,
  title        = {HTTP request methods},
  note         = {letzter Zugriff am 24.11.2023},
  author       = {MDN Contributers},
  howpublished = {WebPage},
  url          = {https://developer.mozilla.org/en-US/docs/Web/HTTP/Methods},
  year         = {2023}
}
@misc{vscodeAbout,
  title        = {Visual Studio Code - Code Editing. Redefined},
  note         = {letzter Zugriff am 24.11.2023},
  author       = {Microsoft},
  howpublished = {WebPage},
  url          = {https://code.visualstudio.com},
  year         = {2023}
}
@misc{vscodeAboutGs,
  title        = {Getting Started},
  note         = {letzter Zugriff am 24.11.2023},
  author       = {Microsoft},
  howpublished = {WebPage},
  url          = {https://code.visualstudio.com/docs},
  year         = {2023}
}
@misc{FrameworkAbout,
  title        = {What is a Framework?},
  note         = {letzter Zugriff am 07.09.2023},
  author       = {Codecademy Team},
  howpublished = {WebPage},
  url          = {https://www.codecademy.com/resources/blog/what-is-a-framework/},
  year         = {2021}
}
@misc{cicdabout,
  title        = {Was ist CI/CD? Konzepte und CI/CD Tools im Überblick},
  note         = {letzter Zugriff am 19.11.2023},
  author       = {Red Hat},
  howpublished = {WebPage},
  url          = {https://www.redhat.com/de/topics/devops/what-is-ci-cd},
  year         = {2023}
}
@misc{quarkusMockAbout,
  title        = {Mocking CDI beans in Quarkus},
  note         = {letzter Zugriff am 26.11.2023},
  author       = {Georgios Andrianakis},
  howpublished = {WebPage},
  url          = {https://quarkus.io/blog/mocking/},
  year         = {2020}
}
@misc{JUnitAbout,
  title        = {Was ist JUnit? Was sind JUnit Tests?},
  note         = {letzter Zugriff am 14.11.2023},
  author       = {Jan-Dirk Kranz},
  howpublished = {WebPage},
  url          = {https://it-talents.de/it-wissen/junit/},
  year         = {2020}
}
@misc{BoilerCodeAbout,
  title        = {Was ist Boilerplate-Code? - Boilerplate-Code erklärt – AWS},
  note         = {letzter Zugriff am 09.11.2023},
  author       = {AWS},
  howpublished = {WebPage},
  url          = {https://aws.amazon.com/de/what-is/boilerplate-code/},
  year         = {2023}
}
@misc{swaggeruiAbout,
  title        = {REST API Documentation Tool | Swagger UI},
  note         = {letzter Zugriff am 07.09.2023},
  author       = {SmartBear Software},
  howpublished = {WebPage},
  url          = {https://swagger.io/tools/swagger-ui/},
  year         = {2023}
}
@misc{SwaggeruiExtensionAbout,
  title        = {USING OPENAPI AND SWAGGER UI},
  note         = {letzter Zugriff am 06.11.2023},
  author       = {Quarkus},
  howpublished = {WebPage},
  url          = {https://quarkus.io/guides/openapi-swaggerui},
  year         = {2023}
}
@misc{QuarkusPlugin,
  title        = {Quarkus - IntelliJ IDEs Plugin | Marketplace},
  note         = {letzter Zugriff am 26.10.2023},
  author       = {JetBrains s.r.o.},
  howpublished = {WebPage},
  url          = {https://plugins.jetbrains.com/plugin/20306-quarkus},
  year         = {2023}
}
@misc{JWTAbout,
  title        = {What is JSON Web Token?},
  note         = {letzter Zugriff am 09.09.2023},
  author       = {Auth0},
  howpublished = {WebPage},
  url          = {https://jwt.io/introduction},
  year         = {2023}
}
@misc{Lambok,
  title        = {Project Lombok},
  note         = {letzter Zugriff am 09.09.2023},
  author       = {The Project Lombok Authors},
  howpublished = {WebPage},
  url          = {https://projectlombok.org/#},
  year         = {2023}
}
@misc{RESTAbout,
  title        = {Was ist eine REST-API?},
  note         = {letzter Zugriff am 07.09.2023},
  author       = {IBM®},
  howpublished = {WebPage},
  url          = {https://www.ibm.com/de-de/topics/rest-apis},
  year         = {2021}
}
@misc{ResteasyAbout,
  title        = {RESTEasy},
  note         = {letzter Zugriff am 24.11.2023},
  author       = {YourKit},
  howpublished = {WebPage},
  url          = {https://resteasy.dev},
  year         = {2023}
}
@misc{ResteasyExtensionAbout,
  title        = {RESTEasy Classic},
  note         = {letzter Zugriff am 24.11.2023},
  author       = {Quarkus},
  howpublished = {WebPage},
  url          = {https://quarkus.io/guides/resteasy},
  year         = {2023}
}
@misc{CascadeTypes,
  title        = {Overview of JPA/Hibernate Cascade Types},
  note         = {letzter Zugriff am 25.11.2023},
  author       = {baeldung},
  howpublished = {WebPage},
  url          = {https://www.baeldung.com/jpa-cascade-types},
  year         = {2023}
}@misc{QuarkusAbout,
  title        = {What is Quarkus?},
  note         = {letzter Zugriff am 01.09.2023},
  author       = {Quarkus},
  howpublished = {WebPage},
  url          = {https://quarkus.io/about/},
  year         = {2023}
}
@misc{QuarkusFirstApplication,
  title        = {What is Quarkus?},
  note         = {letzter Zugriff am 01.09.2023},
  author       = {Quarkus},
  howpublished = {WebPage},
  url          = {https://quarkus.io/get-started/},
  year         = {2023}
}
@misc{QuarkusHomepage,
  title        = {SUPERSONIC/SUBATOMIC/JAVA},
  note         = {letzter Zugriff am 03.09.2023},
  author       = {Quarkus},
  howpublished = {WebPage},
  url          = {https://quarkus.io},
  year         = {2023}
}
@misc{PostgreSQLAbout,
  title        = {PostgreSQL: about},
  note         = {letzter Zugriff am 02.09.2023},
  author       = {The PostgreSQL Global Development Group},
  howpublished = {WebPage},
  url          = {https://www.postgresql.org/about/},
  year         = {2023}
}
@misc{PgAdminAbout,
  title        = {pgAdmin},
  note         = {letzter Zugriff am 24.11.2023},
  author       = {The PostgreSQL Global Development Grou},
  howpublished = {WebPage},
  url          = {https://www.pgadmin.org},
  year         = {2023}
}
@misc{datasourcesAbout,
  title        = {CONFIGURE DATA SOURCES IN QUARKUS},
  note         = {letzter Zugriff am 24.11.2023},
  author       = {Quarkus},
  howpublished = {WebPage},
  url          = {https://quarkus.io/guides/datasource},
  year         = {2023}
}
@misc{MavenAbout,
  title        = {What is Maven?},
  note         = {letzter Zugriff am 02.09.2023},
  author       = {The Apache Software Foundation},
  howpublished = {WebPage},
  url          = {https://maven.apache.org/what-is-maven.html},
  year         = {2023}
}
@misc{MavenAbout2gls,
  title        = {What Is Maven?},
  note         = {letzter Zugriff am 23.11.2023},
  author       = {Codecademy Team},
  howpublished = {WebPage},
  url          = {https://www.codecademy.com/resources/blog/what-is-maven/},
  year         = {2023}
}
@misc{ssotAbout,
  title        = {Single Source of Truth - What it is and Why You Want it Yesterday | Talend},
  note         = {letzter Zugriff am 23.11.2023},
  author       = {Talend},
  howpublished = {WebPage},
  url          = {https://www.talend.com/resources/single-source-truth/},
  year         = {2023}
}
@misc{k8sAbout,
  title        = {Kubernetes},
  note         = {letzter Zugriff am 23.11.2023},
  author       = {Kubernetes},
  howpublished = {WebPage},
  url          = {https://kubernetes.io},
  year         = {2023}
}
@misc{k8sAboutExtension,
  title        = {Visual Studio Code Kubernetes Tools},
  note         = {letzter Zugriff am 24.11.2023},
  author       = {Microsoft},
  howpublished = {WebPage},
  url          = {https://marketplace.visualstudio.com/items?itemName=ms-kubernetes-tools.vscode-kubernetes-tools},
  year         = {2023}
}
@misc{ttlAbout,
  title        = {What Is TTL (And How Do You Choose the Right One)?},
  note         = {letzter Zugriff am 23.11.2023},
  author       = {Kinsta},
  howpublished = {WebPage},
  url          = {https://kinsta.com/knowledgebase/what-is-ttl/},
  year         = {2022}
}
@misc{HibernateORM,
  title        = {USING HIBERNATE ORM AND JAKARTA PERSISTENCE},
  note         = {letzter Zugriff am 03.09.2023},
  author       = {Quarkus},
  howpublished = {WebPage},
  url          = {https://quarkus.io/guides/hibernate-orm},
  year         = {2023}
}
@misc{HibernateORMwithPanache,
  title        = {SIMPLIFIED HIBERNATE ORM WITH PANACHE},
  note         = {letzter Zugriff am 07.09.2023},
  author       = {Quarkus},
  howpublished = {WebPage},
  url          = {https://quarkus.io/guides/hibernate-orm-panache},
  year         = {2023}
}
@misc{ORMAbout,
  title        = {What Is an ORM? How Does It Work? How Should We Use One?},
  note         = {letzter Zugriff am 03.09.2023},
  author       = {Guilherme Chehab},
  howpublished = {WebPage},
  url          = {https://www.baeldung.com/cs/object-relational-mapping},
  year         = {2023}
}
@misc{IntelliJIDEA,
  title        = {Features overview },
  note         = {letzter Zugriff am 02.09.2023},
  author       = {JetBrains},
  howpublished = {WebPage},
  url          = {https://www.jetbrains.com/idea/features/},
  year         = {2023}
}
@misc{IntelliJIDEAPricing,
  title        = {Subscription Options and Pricing},
  note         = {letzter Zugriff am 24.11.2023},
  author       = {JetBrains},
  howpublished = {WebPage},
  url          = {https://www.jetbrains.com/idea/buy/?section=personal&billing=monthly},
  year         = {2023}
}
@misc{NotionAbout,
  title        = {Über Notion},
  note         = {letzter Zugriff am 03.09.2023},
  author       = {Notion Labs},
  howpublished = {WebPage},
  url          = {https://www.notion.so/de-de/about},
  year         = {2023}
}
@misc{LeoCloudAbout,
  title        = {LeoCloud User Manual},
  note         = {letzter Zugriff am 03.09.2023},
  author       = {Aberger Christian},
  howpublished = {WebPage},
  url          = {https://cloud.htl-leonding.ac.at/user-manual.html?#_allgemeines},
  year         = {2021}
}
@misc{PlantUML,
  title        = {PlantUML – Ein kurzer Überblick},
  note         = {letzter Zugriff am 03.09.2023},
  author       = {PlantUML.com},
  howpublished = {WebPage},
  url          = {https://plantuml.com/de/}
}
@misc{PlantumlExtension,
  title        = {PlantUML},
  note         = {letzter Zugriff am 24.11.2023},
  author       = {jebbs},
  howpublished = {WebPage},
  url          = {https://marketplace.visualstudio.com/items?itemName=jebbs.plantuml}
}
@misc{UMLPaper,
  title        = {OMG® Unified Modeling Language® (OMG UML®)},
  note         = {letzter Zugriff am 03.09.2023},
  author       = {Object Management Group, OMG®},
  howpublished = {WebPage},
  url          = {https://www.omg.org/spec/UML/2.5.1/PDF},
  year         = {2017}
}
@misc{API2022,
  title        = {What is an API?},
  note         = {letzter Zugriff am 21.08.2023},
  author       = {Red Hat},
  howpublished = {WebPage},
  url          = {https://www.redhat.com/en/topics/api/what-are-application-programming-interfaces},
  year         = {2022}
}
@misc{ERD2023,
  title        = {What is Entity Relationship Diagram (ERD)?},
  note         = {letzter Zugriff am 24.08.2023},
  author       = {Visual Paradigm},
  howpublished = {WebPage},
  url          = {https://www.visual-paradigm.com/guide/data-modeling/what-is-entity-relationship-diagram/;WWWSESSIONID=617AD2BCF587341A07E1E81EA0E2099C.www1},
  year         = {2023}
}
@misc{NodejsEduactive,
  title        = {What is Node.js? A beginner's introduction to JavaScript runtime},
  note         = {letzter Zugriff am 25.08.2023},
  author       = {Christina Kopecky},
  howpublished = {WebPage},
  url          = {https://www.educative.io/blog/what-is-nodejs},
  year         = {2020}
}
@misc{NodejsOfficial,
  title        = {Über Node.js®},
  note         = {letzter Zugriff am 25.08.2023},
  author       = {OpenJS Foundation},
  howpublished = {WebPage},
  url          = {https://nodejs.org/de/about},
  year         = {2023}
}
@ieeetranbstctl{IEEEexample:BSTcontrol,
  ctluse_forced_etal       = {yes},
  ctlmax_names_forced_etal = {3},
  ctlnames_show_etal       = {2}
}
@book{InfH,
  address   = {M\"{u}nchen -- Wien},
  author    = {Rechenberg, Peter and Pomberger, Gustav and Blaschek, G\"{u}nther and Bode, Arndt and Bohn, Wilhelm Friedrich and Borrmann, Lothar and Buchberger, Bruno},
  edition   = {4th},
  publisher = {Hanser Verlag},
  title     = {{Informatik Handbuch}},
  year      = {2006}
}